<?xml version="1.0" encoding="UTF-8"?><collection xmlns="http://www.loc.gov/MARC21/slim"><record><leader>00318nam--2200121-i-4500</leader><controlfield tag="001">000005504</controlfield><controlfield tag="002">20161230</controlfield><controlfield tag="005">20161230201026</controlfield><controlfield tag="008">060222s1000------------r-----000-0-eng-d</controlfield><datafield ind1=" " ind2=" " tag="245"><subfield code="a">Medicinal chemistry. second edition</subfield></datafield><datafield ind1=" " ind2=" " tag="260"><subfield code="a">New York, Interscience Publishers, 1960</subfield></datafield><datafield ind1=" " ind2=" " tag="490"><subfield code="a">Xiii + 1243 P</subfield></datafield><datafield ind1=" " ind2=" " tag="700"><subfield code="a">Burger, Alfred</subfield></datafield></record></collection>